@misc{IDEAM,
    author = {{Instituto de Hidrología, Meteorología y Estudios Ambientales}},
    title = {Generalidades de la radiación ultravioleta},
    url = {http://www.ideam.gov.co/web/tiempo-y-clima/generalidades-de-la-radiacion-ultravioleta},
    note = {Accessed: 2023-05-06}
}

@book{serway_jewett_2017,
    place={Australia},
    edition={9}, 
    title={Oscillations and Mechanical Waves},
    booktitle={Physics for scientists and engineers with modern physics},
    publisher={Cengage},
    author={Serway, Raymond A. and Jewett, John W. and Peroomian Vahe},
    year={2017}
}

@ARTICLE{Wall2006-pi,
  title    = "What are the risks from medical X-rays and other low dose
              radiation?",
  author   = "Wall, B F and Kendall, G M and Edwards, A A and Bouffler, S and
              Muirhead, C R and Meara, J R",
  journal  = "Br. J. Radiol.",
  volume   =  79,
  number   =  940,
  pages    = "285--294",
  year     =  2006,
  language = "en"
}
