@book{serway_jewett_2017,
    place={Australia},
    edition={9}, 
    title={Oscillations and Mechanical Waves},
    booktitle={Physics for scientists and engineers with modern physics},
    publisher={Cengage},
    author={Serway, Raymond A. and Jewett, John W. and Peroomian Vahe},
    year={2017}
}
